<?xml version="1.0" encoding="UTF-8"?><collection xmlns="http://www.loc.gov/MARC21/slim"><record><leader>00416nam--2200157-i-4500</leader><controlfield tag="001">000008562</controlfield><controlfield tag="002">20161230</controlfield><controlfield tag="005">20170208160202</controlfield><controlfield tag="008">060222s1000------------r-----000-0-eng-d</controlfield><datafield ind1=" " ind2=" " tag="100"><subfield code="a">Costa, Gilles</subfield></datafield><datafield ind1=" " ind2=" " tag="245"><subfield code="a">Finite energy sum rules for meson-meson scattering</subfield></datafield><datafield ind1=" " ind2=" " tag="260"><subfield code="a">Padova</subfield><subfield code="b">Instituto Di Fisica G.Galilei</subfield><subfield code="c">1968</subfield></datafield><datafield ind1=" " ind2=" " tag="300"><subfield code="a">8 p</subfield></datafield><datafield ind1=" " ind2=" " tag="700"><subfield code="a">Savoy, C. A</subfield></datafield><datafield ind1=" " ind2=" " tag="852"><subfield code="a">539.171</subfield></datafield><datafield ind1=" " ind2=" " tag="CAT"><subfield code="a">SYS</subfield><subfield code="c">20170208</subfield><subfield code="h">160202</subfield></datafield></record></collection>